<record><leader>00000cas a22000007a 4500</leader><controlfield tag="001">13842838</controlfield><controlfield tag="008">860709d18751891pauwr ne      0    0eng d</controlfield><controlfield tag="009">3768</controlfield><datafield ind1=" " ind2=" " tag="010"><subfield code="a">sn 86053567 </subfield></datafield><datafield ind1=" " ind2=" " tag="040"><subfield code="a">NPX</subfield><subfield code="b">eng</subfield><subfield code="c">NPX</subfield><subfield code="d">NPH</subfield></datafield><datafield ind1="1" ind2=" " tag="029"><subfield code="a">AU@</subfield><subfield code="b">000025791911</subfield></datafield><datafield ind1=" " ind2=" " tag="042"><subfield code="a">msc</subfield></datafield><datafield ind1="0" ind2="0" tag="245"><subfield code="a">Johnstown weekly tribune.</subfield></datafield><datafield ind1="0" ind2="0" tag="246"><subfield code="a">Tribune</subfield></datafield><datafield ind1="0" ind2="0" tag="246"><subfield code="a">Weekly tribune</subfield></datafield><datafield ind1=" " ind2=" " tag="260"><subfield code="a">Johnstown, Pa. :</subfield><subfield code="b">Geo. T. Swank,</subfield><subfield code="c">1875-1891</subfield></datafield><datafield ind1=" " ind2=" " tag="300"><subfield code="a">v.</subfield></datafield><datafield ind1=" " ind2=" " tag="310"><subfield code="a">Weekly</subfield></datafield><datafield ind1="0" ind2=" " tag="362"><subfield code="a">New ser., v. 11, no. 21 (Mar. 5, 1875)-   ;   -v. 38, no. 1949 (Apr. 24, 1891).</subfield></datafield><datafield ind1=" " ind2=" " tag="500"><subfield code="a">"Republican," &lt;1876&gt;.</subfield></datafield><datafield ind1=" " ind2=" " tag="500"><subfield code="a">Published instead of &lt;Friday&gt; issue of daily ed.</subfield></datafield><datafield ind1=" " ind2=" " tag="515"><subfield code="a">Also continues numbering of daily ed.</subfield></datafield><datafield ind1=" " ind2=" " tag="515"><subfield code="a">Suspended May 31-mid-June 1889. Cf. Storey, H.W.  Hist. of Cambria Co., Pa.</subfield></datafield><datafield ind1=" " ind2=" " tag="500"><subfield code="a">Editor: George Thompson Swank.</subfield></datafield><datafield ind1=" " ind2=" " tag="530"><subfield code="a">Also available on microfilm.</subfield></datafield><datafield ind1=" " ind2=" " tag="752"><subfield code="a">United States</subfield><subfield code="b">Pennsylvania</subfield><subfield code="c">Cambria</subfield><subfield code="d">Johnstown.</subfield></datafield><datafield ind1="0" ind2=" " tag="775"><subfield code="t">Johnstown daily tribune</subfield><subfield code="w">(DLC)sn 86053566</subfield></datafield><datafield ind1="0" ind2="0" tag="780"><subfield code="t">Johnstown tribune (Johnstown, Pa. : 1864 : Weekly)</subfield><subfield code="w">(DLC)sn 85033283</subfield></datafield><datafield ind1="0" ind2="0" tag="785"><subfield code="t">Johnstown tribune (Johnstown, Pa. : 1891 : Weekly)</subfield><subfield code="w">(DLC)sn 87079971</subfield></datafield></record>